<marc:record xmlns:marc="http://www.loc.gov/MARC21/slim" xmlns:xsi="http://www.w3.org/2001/XMLSchema-instance" xsi:schemaLocation="http://www.loc.gov/MARC21/slim http://www.loc.gov/standards/marcxml/schema/MARC21slim.xsd">
  <marc:leader>     cam a2200301 a 45M</marc:leader>
  <marc:controlfield tag="001">001685764</marc:controlfield>
  <marc:controlfield tag="003">NNU</marc:controlfield>
  <marc:controlfield tag="005">20061010173309.0</marc:controlfield>
  <marc:controlfield tag="008">000704s1925    ae            000 0 ara  </marc:controlfield>
  <marc:datafield tag="010" ind1=" " ind2=" ">
    <marc:subfield code="a">73200296</marc:subfield>
  </marc:datafield>
  <marc:datafield tag="035" ind1="9" ind2=" ">
    <marc:subfield code="a">NYUb12229205</marc:subfield>
  </marc:datafield>
  <marc:datafield tag="035" ind1=" " ind2=" ">
    <marc:subfield code="a">(NNU)NYUb12229205</marc:subfield>
  </marc:datafield>
  <marc:datafield tag="040" ind1=" " ind2=" ">
    <marc:subfield code="a">DLC</marc:subfield>
    <marc:subfield code="c">DLC</marc:subfield>
    <marc:subfield code="d">MH</marc:subfield>
    <marc:subfield code="d">CStRLIN</marc:subfield>
    <marc:subfield code="d">UaCaAUL</marc:subfield>
  </marc:datafield>
  <marc:datafield tag="066" ind1=" " ind2=" ">
    <marc:subfield code="c">(3</marc:subfield>
  </marc:datafield>
  <marc:datafield tag="090" ind1=" " ind2=" ">
    <marc:subfield code="a">PJ7696</marc:subfield>
    <marc:subfield code="b">.A46 1925</marc:subfield>
  </marc:datafield>
  <marc:datafield tag="100" ind1="0" ind2=" ">
    <marc:subfield code="a">ʻAlqamah ibn ʻAbadah,</marc:subfield>
    <marc:subfield code="d">6th cent.</marc:subfield>
    <marc:subfield code="6">01</marc:subfield>
  </marc:datafield>
  <marc:datafield tag="100" ind1="0" ind2=" ">
    <marc:subfield code="6">01</marc:subfield>
    <marc:subfield code="a">علقمه بن عبده،</marc:subfield>
    <marc:subfield code="d">cent th6.</marc:subfield>
  </marc:datafield>
  <marc:datafield tag="245" ind1="1" ind2="0">
    <marc:subfield code="6">02</marc:subfield>
    <marc:subfield code="a">Sharḥ dīwān ʻAlqamah ibn ʻAbdah al-Tamīmī al-mashhūr bi-ʻAlqamah al-faḥl /</marc:subfield>
    <marc:subfield code="c">li-Abī al-Ḥajjāj Yūsuf ibn Sulaymān ibn ʻĪsá al-maʻrūf bi-al-Aʻlam al-Shantamrī ; iʻtaná bi-taṣḥīḥihi ibn Abī Shanab. wa-yalīh jumlah mimmā lam yudhkar min shiʻrihi fī hādhā al-sharḥ.</marc:subfield>
  </marc:datafield>
  <marc:datafield tag="245" ind1="1" ind2="0">
    <marc:subfield code="6">02</marc:subfield>
    <marc:subfield code="a">شرح ديوان علقمه بن عبده التميمي المشهور بعلقمة الفحل /</marc:subfield>
    <marc:subfield code="c">لأبي الحجاج يوسف بن سليمان بن عيسى المعروف بالأعلم الشنتمري ؛ اعتنى بتصحيحه ابن أبي شنب. ويليه جملة مما لم يذكر من شعره في هذا الشرح.</marc:subfield>
  </marc:datafield>
  <marc:datafield tag="246" ind1="1" ind2="5">
    <marc:subfield code="a">ʻAlqama ben ʻAbada dīwān</marc:subfield>
  </marc:datafield>
  <marc:datafield tag="260" ind1=" " ind2=" ">
    <marc:subfield code="a">Alger :</marc:subfield>
    <marc:subfield code="b">Jules Carbonel,</marc:subfield>
    <marc:subfield code="c">1925.</marc:subfield>
  </marc:datafield>
  <marc:datafield tag="300" ind1=" " ind2=" ">
    <marc:subfield code="a">196 p. ;</marc:subfield>
    <marc:subfield code="c">19 cm.</marc:subfield>
  </marc:datafield>
  <marc:datafield tag="490" ind1="1" ind2=" ">
    <marc:subfield code="a">Bibliotheca Arabica</marc:subfield>
  </marc:datafield>
  <marc:datafield tag="500" ind1=" " ind2=" ">
    <marc:subfield code="a">Title on added T.p.: ʻAlqama ben ʻAbada dīwān.</marc:subfield>
  </marc:datafield>
  <marc:datafield tag="500" ind1=" " ind2=" ">
    <marc:subfield code="a">At head of title: Fuḥūl al-ʻArab fī ʻilm al-adab.</marc:subfield>
  </marc:datafield>
  <marc:datafield tag="700" ind1="1" ind2="2">
    <marc:subfield code="6">03</marc:subfield>
    <marc:subfield code="a">Shantamrī, Yūsuf bin Sulaymān,</marc:subfield>
    <marc:subfield code="d">1019 or 20-1083 or 4.</marc:subfield>
  </marc:datafield>
  <marc:datafield tag="700" ind1="1" ind2="2">
    <marc:subfield code="6">03</marc:subfield>
    <marc:subfield code="a">شنتمري، يوسف بن سليمان،</marc:subfield>
    <marc:subfield code="d">4 or 1083-20 or 1019.</marc:subfield>
  </marc:datafield>
  <marc:datafield tag="830" ind1=" " ind2="0">
    <marc:subfield code="a">Maktabah al-ʻArabīyah (Cairo, Egypt)</marc:subfield>
  </marc:datafield>
  <marc:datafield tag="998" ind1=" " ind2=" ">
    <marc:subfield code="a">20010429</marc:subfield>
    <marc:subfield code="d">20010429</marc:subfield>
    <marc:subfield code="d">20010925</marc:subfield>
    <marc:subfield code="n">NNU</marc:subfield>
    <marc:subfield code="s">6</marc:subfield>
    <marc:subfield code="t">c</marc:subfield>
    <marc:subfield code="z">p</marc:subfield>
  </marc:datafield>
</marc:record>
